%YAML 1.1
%TAG !u! tag:unity3d.com,2011:
--- !u!1 &2422068119200389981
GameObject:
  m_ObjectHideFlags: 0
  m_CorrespondingSourceObject: {fileID: 0}
  m_PrefabInstance: {fileID: 0}
  m_PrefabAsset: {fileID: 0}
  serializedVersion: 6
  m_Component:
  - component: {fileID: 6716998405916810185}
  - component: {fileID: 253201539041708139}
  m_Layer: 0
  m_Name: TreePlace (1)
  m_TagString: Untagged
  m_Icon: {fileID: 0}
  m_NavMeshLayer: 0
  m_StaticEditorFlags: 0
  m_IsActive: 1
--- !u!4 &6716998405916810185
Transform:
  m_ObjectHideFlags: 0
  m_CorrespondingSourceObject: {fileID: 0}
  m_PrefabInstance: {fileID: 0}
  m_PrefabAsset: {fileID: 0}
  m_GameObject: {fileID: 2422068119200389981}
  m_LocalRotation: {x: -0, y: 1, z: -0, w: 0.000000104308114}
  m_LocalPosition: {x: 27.23, y: 0, z: -10.96}
  m_LocalScale: {x: 1, y: 1, z: 1}
  m_ConstrainProportionsScale: 0
  m_Children: []
  m_Father: {fileID: 5487198768069917707}
  m_RootOrder: 5
  m_LocalEulerAnglesHint: {x: 0, y: 180, z: 0}
--- !u!114 &253201539041708139
MonoBehaviour:
  m_ObjectHideFlags: 0
  m_CorrespondingSourceObject: {fileID: 0}
  m_PrefabInstance: {fileID: 0}
  m_PrefabAsset: {fileID: 0}
  m_GameObject: {fileID: 2422068119200389981}
  m_Enabled: 1
  m_EditorHideFlags: 0
  m_Script: {fileID: 11500000, guid: 9e47ded268dd495a91c1c5a980e8499f, type: 3}
  m_Name: 
  m_EditorClassIdentifier: 
  serializedData:
    parent: {fileID: 6716998405916810185}
    chance: 0.2
    rotation: 0
    list: {fileID: 11400000, guid: 9852b6de2b317dd41b8d214eeffa172a, type: 2}
--- !u!1 &2752039390019696613
GameObject:
  m_ObjectHideFlags: 0
  m_CorrespondingSourceObject: {fileID: 0}
  m_PrefabInstance: {fileID: 0}
  m_PrefabAsset: {fileID: 0}
  serializedVersion: 6
  m_Component:
  - component: {fileID: 8328918687668229837}
  - component: {fileID: 5955047905531117482}
  m_Layer: 0
  m_Name: TreePlace
  m_TagString: Untagged
  m_Icon: {fileID: 0}
  m_NavMeshLayer: 0
  m_StaticEditorFlags: 0
  m_IsActive: 1
--- !u!4 &8328918687668229837
Transform:
  m_ObjectHideFlags: 0
  m_CorrespondingSourceObject: {fileID: 0}
  m_PrefabInstance: {fileID: 0}
  m_PrefabAsset: {fileID: 0}
  m_GameObject: {fileID: 2752039390019696613}
  m_LocalRotation: {x: -0, y: 1, z: -0, w: 0.000000104308114}
  m_LocalPosition: {x: 17.84, y: 0, z: -10.43}
  m_LocalScale: {x: 1, y: 1, z: 1}
  m_ConstrainProportionsScale: 0
  m_Children: []
  m_Father: {fileID: 5487198768069917707}
  m_RootOrder: 4
  m_LocalEulerAnglesHint: {x: 0, y: 180, z: 0}
--- !u!114 &5955047905531117482
MonoBehaviour:
  m_ObjectHideFlags: 0
  m_CorrespondingSourceObject: {fileID: 0}
  m_PrefabInstance: {fileID: 0}
  m_PrefabAsset: {fileID: 0}
  m_GameObject: {fileID: 2752039390019696613}
  m_Enabled: 1
  m_EditorHideFlags: 0
  m_Script: {fileID: 11500000, guid: 9e47ded268dd495a91c1c5a980e8499f, type: 3}
  m_Name: 
  m_EditorClassIdentifier: 
  serializedData:
    parent: {fileID: 8328918687668229837}
    chance: 0.2
    rotation: 0
    list: {fileID: 11400000, guid: 9852b6de2b317dd41b8d214eeffa172a, type: 2}
--- !u!1 &4183073746410256558
GameObject:
  m_ObjectHideFlags: 0
  m_CorrespondingSourceObject: {fileID: 0}
  m_PrefabInstance: {fileID: 0}
  m_PrefabAsset: {fileID: 0}
  serializedVersion: 6
  m_Component:
  - component: {fileID: 5487198768069917707}
  m_Layer: 0
  m_Name: BusStop1Element
  m_TagString: Untagged
  m_Icon: {fileID: 0}
  m_NavMeshLayer: 0
  m_StaticEditorFlags: 0
  m_IsActive: 1
--- !u!4 &5487198768069917707
Transform:
  m_ObjectHideFlags: 0
  m_CorrespondingSourceObject: {fileID: 0}
  m_PrefabInstance: {fileID: 0}
  m_PrefabAsset: {fileID: 0}
  m_GameObject: {fileID: 4183073746410256558}
  m_LocalRotation: {x: 0, y: 0, z: 0, w: 1}
  m_LocalPosition: {x: 0, y: 0, z: 0}
  m_LocalScale: {x: 1, y: 1, z: 1}
  m_ConstrainProportionsScale: 0
  m_Children:
  - {fileID: 2345763085316921319}
  - {fileID: 2943597296480282891}
  - {fileID: 8162562514395405561}
  - {fileID: 6313134593310312321}
  - {fileID: 8328918687668229837}
  - {fileID: 6716998405916810185}
  m_Father: {fileID: 0}
  m_RootOrder: 0
  m_LocalEulerAnglesHint: {x: 0, y: 0, z: 0}
--- !u!1 &6233731445727536398
GameObject:
  m_ObjectHideFlags: 0
  m_CorrespondingSourceObject: {fileID: 0}
  m_PrefabInstance: {fileID: 0}
  m_PrefabAsset: {fileID: 0}
  serializedVersion: 6
  m_Component:
  - component: {fileID: 2345763085316921319}
  - component: {fileID: 4613569789776462236}
  - component: {fileID: 8953888186571201693}
  m_Layer: 0
  m_Name: Plane
  m_TagString: Untagged
  m_Icon: {fileID: 0}
  m_NavMeshLayer: 0
  m_StaticEditorFlags: 0
  m_IsActive: 1
--- !u!4 &2345763085316921319
Transform:
  m_ObjectHideFlags: 0
  m_CorrespondingSourceObject: {fileID: 0}
  m_PrefabInstance: {fileID: 0}
  m_PrefabAsset: {fileID: 0}
  m_GameObject: {fileID: 6233731445727536398}
  m_LocalRotation: {x: -0, y: -0, z: -0, w: 1}
  m_LocalPosition: {x: 24.2224, y: 0.1, z: 0.1239}
  m_LocalScale: {x: 1.8640727, y: 1, z: 3.2593107}
  m_ConstrainProportionsScale: 0
  m_Children: []
  m_Father: {fileID: 5487198768069917707}
  m_RootOrder: 0
  m_LocalEulerAnglesHint: {x: 0, y: 0, z: 0}
--- !u!33 &4613569789776462236
MeshFilter:
  m_ObjectHideFlags: 0
  m_CorrespondingSourceObject: {fileID: 0}
  m_PrefabInstance: {fileID: 0}
  m_PrefabAsset: {fileID: 0}
  m_GameObject: {fileID: 6233731445727536398}
  m_Mesh: {fileID: 10209, guid: 0000000000000000e000000000000000, type: 0}
--- !u!23 &8953888186571201693
MeshRenderer:
  m_ObjectHideFlags: 0
  m_CorrespondingSourceObject: {fileID: 0}
  m_PrefabInstance: {fileID: 0}
  m_PrefabAsset: {fileID: 0}
  m_GameObject: {fileID: 6233731445727536398}
  m_Enabled: 1
  m_CastShadows: 1
  m_ReceiveShadows: 1
  m_DynamicOccludee: 1
  m_StaticShadowCaster: 0
  m_MotionVectors: 1
  m_LightProbeUsage: 1
  m_ReflectionProbeUsage: 1
  m_RayTracingMode: 2
  m_RayTraceProcedural: 0
  m_RenderingLayerMask: 1
  m_RendererPriority: 0
  m_Materials:
  - {fileID: 2100000, guid: 13db17cf06b38bc409853eee6995054d, type: 2}
  m_StaticBatchInfo:
    firstSubMesh: 0
    subMeshCount: 0
  m_StaticBatchRoot: {fileID: 0}
  m_ProbeAnchor: {fileID: 0}
  m_LightProbeVolumeOverride: {fileID: 0}
  m_ScaleInLightmap: 1
  m_ReceiveGI: 1
  m_PreserveUVs: 0
  m_IgnoreNormalsForChartDetection: 0
  m_ImportantGI: 0
  m_StitchLightmapSeams: 1
  m_SelectedEditorRenderState: 3
  m_MinimumChartSize: 4
  m_AutoUVMaxDistance: 0.5
  m_AutoUVMaxAngle: 89
  m_LightmapParameters: {fileID: 0}
  m_SortingLayerID: 0
  m_SortingLayer: 0
  m_SortingOrder: 0
  m_AdditionalVertexStreams: {fileID: 0}
--- !u!1001 &1985998210049281171
PrefabInstance:
  m_ObjectHideFlags: 0
  serializedVersion: 2
  m_Modification:
    m_TransformParent: {fileID: 5487198768069917707}
    m_Modifications:
    - target: {fileID: 3699263976606885272, guid: 7bc1901a4ad9d7b4eb5bad46f65b505a,
        type: 3}
      propertyPath: m_RootOrder
      value: 1
      objectReference: {fileID: 0}
    - target: {fileID: 3699263976606885272, guid: 7bc1901a4ad9d7b4eb5bad46f65b505a,
        type: 3}
      propertyPath: m_LocalPosition.x
      value: 23.004425
      objectReference: {fileID: 0}
    - target: {fileID: 3699263976606885272, guid: 7bc1901a4ad9d7b4eb5bad46f65b505a,
        type: 3}
      propertyPath: m_LocalPosition.y
      value: 0
      objectReference: {fileID: 0}
    - target: {fileID: 3699263976606885272, guid: 7bc1901a4ad9d7b4eb5bad46f65b505a,
        type: 3}
      propertyPath: m_LocalPosition.z
      value: 3.7014618
      objectReference: {fileID: 0}
    - target: {fileID: 3699263976606885272, guid: 7bc1901a4ad9d7b4eb5bad46f65b505a,
        type: 3}
      propertyPath: m_LocalRotation.w
      value: 0
      objectReference: {fileID: 0}
    - target: {fileID: 3699263976606885272, guid: 7bc1901a4ad9d7b4eb5bad46f65b505a,
        type: 3}
      propertyPath: m_LocalRotation.x
      value: -0
      objectReference: {fileID: 0}
    - target: {fileID: 3699263976606885272, guid: 7bc1901a4ad9d7b4eb5bad46f65b505a,
        type: 3}
      propertyPath: m_LocalRotation.y
      value: -1
      objectReference: {fileID: 0}
    - target: {fileID: 3699263976606885272, guid: 7bc1901a4ad9d7b4eb5bad46f65b505a,
        type: 3}
      propertyPath: m_LocalRotation.z
      value: -0
      objectReference: {fileID: 0}
    - target: {fileID: 3699263976606885272, guid: 7bc1901a4ad9d7b4eb5bad46f65b505a,
        type: 3}
      propertyPath: m_LocalEulerAnglesHint.x
      value: 0
      objectReference: {fileID: 0}
    - target: {fileID: 3699263976606885272, guid: 7bc1901a4ad9d7b4eb5bad46f65b505a,
        type: 3}
      propertyPath: m_LocalEulerAnglesHint.y
      value: 0
      objectReference: {fileID: 0}
    - target: {fileID: 3699263976606885272, guid: 7bc1901a4ad9d7b4eb5bad46f65b505a,
        type: 3}
      propertyPath: m_LocalEulerAnglesHint.z
      value: 0
      objectReference: {fileID: 0}
    - target: {fileID: 3699263976606885273, guid: 7bc1901a4ad9d7b4eb5bad46f65b505a,
        type: 3}
      propertyPath: m_Name
      value: BusStop
      objectReference: {fileID: 0}
    m_RemovedComponents: []
  m_SourcePrefab: {fileID: 100100000, guid: 7bc1901a4ad9d7b4eb5bad46f65b505a, type: 3}
--- !u!4 &2943597296480282891 stripped
Transform:
  m_CorrespondingSourceObject: {fileID: 3699263976606885272, guid: 7bc1901a4ad9d7b4eb5bad46f65b505a,
    type: 3}
  m_PrefabInstance: {fileID: 1985998210049281171}
  m_PrefabAsset: {fileID: 0}
--- !u!1001 &3185252307533723629
PrefabInstance:
  m_ObjectHideFlags: 0
  serializedVersion: 2
  m_Modification:
    m_TransformParent: {fileID: 5487198768069917707}
    m_Modifications:
    - target: {fileID: 220486627491614136, guid: aeed9f5a7ee8b7d42a3f8d6ba06af937,
        type: 3}
      propertyPath: m_Name
      value: TrashCan2
      objectReference: {fileID: 0}
    - target: {fileID: 7626787432351217112, guid: aeed9f5a7ee8b7d42a3f8d6ba06af937,
        type: 3}
      propertyPath: m_LocalPosition.x
      value: -0.82
      objectReference: {fileID: 0}
    - target: {fileID: 7626787432351217112, guid: aeed9f5a7ee8b7d42a3f8d6ba06af937,
        type: 3}
      propertyPath: m_LocalPosition.z
      value: -0.59
      objectReference: {fileID: 0}
    - target: {fileID: 7626787432351217112, guid: aeed9f5a7ee8b7d42a3f8d6ba06af937,
        type: 3}
      propertyPath: m_LocalRotation.w
      value: 0
      objectReference: {fileID: 0}
    - target: {fileID: 7626787432351217112, guid: aeed9f5a7ee8b7d42a3f8d6ba06af937,
        type: 3}
      propertyPath: m_LocalRotation.x
      value: 0
      objectReference: {fileID: 0}
    - target: {fileID: 7626787432351217112, guid: aeed9f5a7ee8b7d42a3f8d6ba06af937,
        type: 3}
      propertyPath: m_LocalRotation.y
      value: 1
      objectReference: {fileID: 0}
    - target: {fileID: 7626787432351217112, guid: aeed9f5a7ee8b7d42a3f8d6ba06af937,
        type: 3}
      propertyPath: m_LocalRotation.z
      value: 0
      objectReference: {fileID: 0}
    - target: {fileID: 7626787432351217112, guid: aeed9f5a7ee8b7d42a3f8d6ba06af937,
        type: 3}
      propertyPath: m_LocalEulerAnglesHint.y
      value: 180
      objectReference: {fileID: 0}
    - target: {fileID: 8910521869383741548, guid: aeed9f5a7ee8b7d42a3f8d6ba06af937,
        type: 3}
      propertyPath: m_RootOrder
      value: 3
      objectReference: {fileID: 0}
    - target: {fileID: 8910521869383741548, guid: aeed9f5a7ee8b7d42a3f8d6ba06af937,
        type: 3}
      propertyPath: m_LocalPosition.x
      value: 26.127401
      objectReference: {fileID: 0}
    - target: {fileID: 8910521869383741548, guid: aeed9f5a7ee8b7d42a3f8d6ba06af937,
        type: 3}
      propertyPath: m_LocalPosition.y
      value: 0
      objectReference: {fileID: 0}
    - target: {fileID: 8910521869383741548, guid: aeed9f5a7ee8b7d42a3f8d6ba06af937,
        type: 3}
      propertyPath: m_LocalPosition.z
      value: 10.317316
      objectReference: {fileID: 0}
    - target: {fileID: 8910521869383741548, guid: aeed9f5a7ee8b7d42a3f8d6ba06af937,
        type: 3}
      propertyPath: m_LocalRotation.w
      value: 1
      objectReference: {fileID: 0}
    - target: {fileID: 8910521869383741548, guid: aeed9f5a7ee8b7d42a3f8d6ba06af937,
        type: 3}
      propertyPath: m_LocalRotation.x
      value: -0
      objectReference: {fileID: 0}
    - target: {fileID: 8910521869383741548, guid: aeed9f5a7ee8b7d42a3f8d6ba06af937,
        type: 3}
      propertyPath: m_LocalRotation.y
      value: -0
      objectReference: {fileID: 0}
    - target: {fileID: 8910521869383741548, guid: aeed9f5a7ee8b7d42a3f8d6ba06af937,
        type: 3}
      propertyPath: m_LocalRotation.z
      value: -0
      objectReference: {fileID: 0}
    - target: {fileID: 8910521869383741548, guid: aeed9f5a7ee8b7d42a3f8d6ba06af937,
        type: 3}
      propertyPath: m_LocalEulerAnglesHint.x
      value: 0
      objectReference: {fileID: 0}
    - target: {fileID: 8910521869383741548, guid: aeed9f5a7ee8b7d42a3f8d6ba06af937,
        type: 3}
      propertyPath: m_LocalEulerAnglesHint.y
      value: 0
      objectReference: {fileID: 0}
    - target: {fileID: 8910521869383741548, guid: aeed9f5a7ee8b7d42a3f8d6ba06af937,
        type: 3}
      propertyPath: m_LocalEulerAnglesHint.z
      value: 0
      objectReference: {fileID: 0}
    m_RemovedComponents: []
  m_SourcePrefab: {fileID: 100100000, guid: aeed9f5a7ee8b7d42a3f8d6ba06af937, type: 3}
--- !u!4 &6313134593310312321 stripped
Transform:
  m_CorrespondingSourceObject: {fileID: 8910521869383741548, guid: aeed9f5a7ee8b7d42a3f8d6ba06af937,
    type: 3}
  m_PrefabInstance: {fileID: 3185252307533723629}
  m_PrefabAsset: {fileID: 0}
--- !u!1001 &5249541298260727621
PrefabInstance:
  m_ObjectHideFlags: 0
  serializedVersion: 2
  m_Modification:
    m_TransformParent: {fileID: 5487198768069917707}
    m_Modifications:
    - target: {fileID: 192053768684227003, guid: 3dfb125cc45762b448b6c99c07b29d30,
        type: 3}
      propertyPath: m_Name
      value: Lamp
      objectReference: {fileID: 0}
    - target: {fileID: 4151512516253961148, guid: 3dfb125cc45762b448b6c99c07b29d30,
        type: 3}
      propertyPath: m_RootOrder
      value: 2
      objectReference: {fileID: 0}
    - target: {fileID: 4151512516253961148, guid: 3dfb125cc45762b448b6c99c07b29d30,
        type: 3}
      propertyPath: m_LocalPosition.x
      value: 26.65
      objectReference: {fileID: 0}
    - target: {fileID: 4151512516253961148, guid: 3dfb125cc45762b448b6c99c07b29d30,
        type: 3}
      propertyPath: m_LocalPosition.y
      value: 0
      objectReference: {fileID: 0}
    - target: {fileID: 4151512516253961148, guid: 3dfb125cc45762b448b6c99c07b29d30,
        type: 3}
      propertyPath: m_LocalPosition.z
      value: -2.84
      objectReference: {fileID: 0}
    - target: {fileID: 4151512516253961148, guid: 3dfb125cc45762b448b6c99c07b29d30,
        type: 3}
      propertyPath: m_LocalRotation.w
      value: 1
      objectReference: {fileID: 0}
    - target: {fileID: 4151512516253961148, guid: 3dfb125cc45762b448b6c99c07b29d30,
        type: 3}
      propertyPath: m_LocalRotation.x
      value: 0
      objectReference: {fileID: 0}
    - target: {fileID: 4151512516253961148, guid: 3dfb125cc45762b448b6c99c07b29d30,
        type: 3}
      propertyPath: m_LocalRotation.y
      value: 0
      objectReference: {fileID: 0}
    - target: {fileID: 4151512516253961148, guid: 3dfb125cc45762b448b6c99c07b29d30,
        type: 3}
      propertyPath: m_LocalRotation.z
      value: 0
      objectReference: {fileID: 0}
    - target: {fileID: 4151512516253961148, guid: 3dfb125cc45762b448b6c99c07b29d30,
        type: 3}
      propertyPath: m_LocalEulerAnglesHint.x
      value: 0
      objectReference: {fileID: 0}
    - target: {fileID: 4151512516253961148, guid: 3dfb125cc45762b448b6c99c07b29d30,
        type: 3}
      propertyPath: m_LocalEulerAnglesHint.y
      value: 0
      objectReference: {fileID: 0}
    - target: {fileID: 4151512516253961148, guid: 3dfb125cc45762b448b6c99c07b29d30,
        type: 3}
      propertyPath: m_LocalEulerAnglesHint.z
      value: 0
      objectReference: {fileID: 0}
    m_RemovedComponents: []
  m_SourcePrefab: {fileID: 100100000, guid: 3dfb125cc45762b448b6c99c07b29d30, type: 3}
--- !u!4 &8162562514395405561 stripped
Transform:
  m_CorrespondingSourceObject: {fileID: 4151512516253961148, guid: 3dfb125cc45762b448b6c99c07b29d30,
    type: 3}
  m_PrefabInstance: {fileID: 5249541298260727621}
  m_PrefabAsset: {fileID: 0}
