%YAML 1.1
%TAG !u! tag:unity3d.com,2011:
--- !u!1 &4020087256802584910
GameObject:
  m_ObjectHideFlags: 0
  m_CorrespondingSourceObject: {fileID: 0}
  m_PrefabInstance: {fileID: 0}
  m_PrefabAsset: {fileID: 0}
  serializedVersion: 6
  m_Component:
  - component: {fileID: 1569196530827846994}
  - component: {fileID: 1286418030646613058}
  m_Layer: 0
  m_Name: CarPlace (6)
  m_TagString: Untagged
  m_Icon: {fileID: 0}
  m_NavMeshLayer: 0
  m_StaticEditorFlags: 0
  m_IsActive: 1
--- !u!4 &1569196530827846994
Transform:
  m_ObjectHideFlags: 0
  m_CorrespondingSourceObject: {fileID: 0}
  m_PrefabInstance: {fileID: 0}
  m_PrefabAsset: {fileID: 0}
  m_GameObject: {fileID: 4020087256802584910}
  m_LocalRotation: {x: -0, y: 1, z: -0, w: 0.000000104308114}
  m_LocalPosition: {x: 5.8100014, y: 0, z: 26.700005}
  m_LocalScale: {x: 1, y: 1, z: 1}
  m_ConstrainProportionsScale: 0
  m_Children: []
  m_Father: {fileID: 8035013986704715191}
  m_RootOrder: 2
  m_LocalEulerAnglesHint: {x: 0, y: 180, z: 0}
--- !u!114 &1286418030646613058
MonoBehaviour:
  m_ObjectHideFlags: 0
  m_CorrespondingSourceObject: {fileID: 0}
  m_PrefabInstance: {fileID: 0}
  m_PrefabAsset: {fileID: 0}
  m_GameObject: {fileID: 4020087256802584910}
  m_Enabled: 1
  m_EditorHideFlags: 0
  m_Script: {fileID: 11500000, guid: 9e47ded268dd495a91c1c5a980e8499f, type: 3}
  m_Name: 
  m_EditorClassIdentifier: 
  serializedData:
    parent: {fileID: 1569196530827846994}
    chance: 0.2
    rotation: 0
    list: {fileID: 11400000, guid: e21aadb8504ddf049852068bce0092bf, type: 2}
--- !u!1 &4672156832567530891
GameObject:
  m_ObjectHideFlags: 0
  m_CorrespondingSourceObject: {fileID: 0}
  m_PrefabInstance: {fileID: 0}
  m_PrefabAsset: {fileID: 0}
  serializedVersion: 6
  m_Component:
  - component: {fileID: 8902842722654105550}
  - component: {fileID: 4543659162361627393}
  m_Layer: 0
  m_Name: CarPlace (7)
  m_TagString: Untagged
  m_Icon: {fileID: 0}
  m_NavMeshLayer: 0
  m_StaticEditorFlags: 0
  m_IsActive: 1
--- !u!4 &8902842722654105550
Transform:
  m_ObjectHideFlags: 0
  m_CorrespondingSourceObject: {fileID: 0}
  m_PrefabInstance: {fileID: 0}
  m_PrefabAsset: {fileID: 0}
  m_GameObject: {fileID: 4672156832567530891}
  m_LocalRotation: {x: -0, y: 1, z: -0, w: 0.000000104308114}
  m_LocalPosition: {x: 12.5, y: 0, z: 26.7}
  m_LocalScale: {x: 1, y: 1, z: 1}
  m_ConstrainProportionsScale: 0
  m_Children: []
  m_Father: {fileID: 8035013986704715191}
  m_RootOrder: 3
  m_LocalEulerAnglesHint: {x: 0, y: 180, z: 0}
--- !u!114 &4543659162361627393
MonoBehaviour:
  m_ObjectHideFlags: 0
  m_CorrespondingSourceObject: {fileID: 0}
  m_PrefabInstance: {fileID: 0}
  m_PrefabAsset: {fileID: 0}
  m_GameObject: {fileID: 4672156832567530891}
  m_Enabled: 1
  m_EditorHideFlags: 0
  m_Script: {fileID: 11500000, guid: 9e47ded268dd495a91c1c5a980e8499f, type: 3}
  m_Name: 
  m_EditorClassIdentifier: 
  serializedData:
    parent: {fileID: 8902842722654105550}
    chance: 0.2
    rotation: 0
    list: {fileID: 11400000, guid: e21aadb8504ddf049852068bce0092bf, type: 2}
--- !u!1 &6488911927861729202
GameObject:
  m_ObjectHideFlags: 0
  m_CorrespondingSourceObject: {fileID: 0}
  m_PrefabInstance: {fileID: 0}
  m_PrefabAsset: {fileID: 0}
  serializedVersion: 6
  m_Component:
  - component: {fileID: 6783993886369999127}
  - component: {fileID: 2902429755400782081}
  m_Layer: 0
  m_Name: CarPlace (10)
  m_TagString: Untagged
  m_Icon: {fileID: 0}
  m_NavMeshLayer: 0
  m_StaticEditorFlags: 0
  m_IsActive: 1
--- !u!4 &6783993886369999127
Transform:
  m_ObjectHideFlags: 0
  m_CorrespondingSourceObject: {fileID: 0}
  m_PrefabInstance: {fileID: 0}
  m_PrefabAsset: {fileID: 0}
  m_GameObject: {fileID: 6488911927861729202}
  m_LocalRotation: {x: -0, y: 0.7071071, z: -0, w: 0.7071065}
  m_LocalPosition: {x: 15.4, y: 0, z: 10.6}
  m_LocalScale: {x: 1, y: 1, z: 1}
  m_ConstrainProportionsScale: 0
  m_Children: []
  m_Father: {fileID: 8035013986704715191}
  m_RootOrder: 8
  m_LocalEulerAnglesHint: {x: 0, y: 90, z: 0}
--- !u!114 &2902429755400782081
MonoBehaviour:
  m_ObjectHideFlags: 0
  m_CorrespondingSourceObject: {fileID: 0}
  m_PrefabInstance: {fileID: 0}
  m_PrefabAsset: {fileID: 0}
  m_GameObject: {fileID: 6488911927861729202}
  m_Enabled: 1
  m_EditorHideFlags: 0
  m_Script: {fileID: 11500000, guid: 9e47ded268dd495a91c1c5a980e8499f, type: 3}
  m_Name: 
  m_EditorClassIdentifier: 
  serializedData:
    parent: {fileID: 6783993886369999127}
    chance: 0.2
    rotation: 0
    list: {fileID: 11400000, guid: e21aadb8504ddf049852068bce0092bf, type: 2}
--- !u!1 &6723849847028730990
GameObject:
  m_ObjectHideFlags: 0
  m_CorrespondingSourceObject: {fileID: 0}
  m_PrefabInstance: {fileID: 0}
  m_PrefabAsset: {fileID: 0}
  serializedVersion: 6
  m_Component:
  - component: {fileID: 2539979977559538449}
  - component: {fileID: 1607827912390570918}
  m_Layer: 0
  m_Name: CarPlace (9)
  m_TagString: Untagged
  m_Icon: {fileID: 0}
  m_NavMeshLayer: 0
  m_StaticEditorFlags: 0
  m_IsActive: 1
--- !u!4 &2539979977559538449
Transform:
  m_ObjectHideFlags: 0
  m_CorrespondingSourceObject: {fileID: 0}
  m_PrefabInstance: {fileID: 0}
  m_PrefabAsset: {fileID: 0}
  m_GameObject: {fileID: 6723849847028730990}
  m_LocalRotation: {x: -0, y: 1, z: -0, w: 0.000000104308114}
  m_LocalPosition: {x: 27.569998, y: 0, z: 26.699993}
  m_LocalScale: {x: 1, y: 1, z: 1}
  m_ConstrainProportionsScale: 0
  m_Children: []
  m_Father: {fileID: 8035013986704715191}
  m_RootOrder: 5
  m_LocalEulerAnglesHint: {x: 0, y: 180, z: 0}
--- !u!114 &1607827912390570918
MonoBehaviour:
  m_ObjectHideFlags: 0
  m_CorrespondingSourceObject: {fileID: 0}
  m_PrefabInstance: {fileID: 0}
  m_PrefabAsset: {fileID: 0}
  m_GameObject: {fileID: 6723849847028730990}
  m_Enabled: 1
  m_EditorHideFlags: 0
  m_Script: {fileID: 11500000, guid: 9e47ded268dd495a91c1c5a980e8499f, type: 3}
  m_Name: 
  m_EditorClassIdentifier: 
  serializedData:
    parent: {fileID: 2539979977559538449}
    chance: 0.2
    rotation: 0
    list: {fileID: 11400000, guid: e21aadb8504ddf049852068bce0092bf, type: 2}
--- !u!1 &8035013986704715188
GameObject:
  m_ObjectHideFlags: 0
  m_CorrespondingSourceObject: {fileID: 0}
  m_PrefabInstance: {fileID: 0}
  m_PrefabAsset: {fileID: 0}
  serializedVersion: 6
  m_Component:
  - component: {fileID: 8035013986704715191}
  m_Layer: 0
  m_Name: HouseRampElement
  m_TagString: Untagged
  m_Icon: {fileID: 0}
  m_NavMeshLayer: 0
  m_StaticEditorFlags: 0
  m_IsActive: 1
--- !u!4 &8035013986704715191
Transform:
  m_ObjectHideFlags: 0
  m_CorrespondingSourceObject: {fileID: 0}
  m_PrefabInstance: {fileID: 0}
  m_PrefabAsset: {fileID: 0}
  m_GameObject: {fileID: 8035013986704715188}
  m_LocalRotation: {x: 0, y: 0, z: 0, w: 1}
  m_LocalPosition: {x: 0, y: 0, z: 0}
  m_LocalScale: {x: 1, y: 1, z: 1}
  m_ConstrainProportionsScale: 0
  m_Children:
  - {fileID: 9033556716572423678}
  - {fileID: 8035013986946278468}
  - {fileID: 1569196530827846994}
  - {fileID: 8902842722654105550}
  - {fileID: 1161720103603469831}
  - {fileID: 2539979977559538449}
  - {fileID: 582637479980334768}
  - {fileID: 8103667951990661022}
  - {fileID: 6783993886369999127}
  m_Father: {fileID: 0}
  m_RootOrder: 0
  m_LocalEulerAnglesHint: {x: 0, y: 0, z: 0}
--- !u!1 &8035013986946278469
GameObject:
  m_ObjectHideFlags: 0
  m_CorrespondingSourceObject: {fileID: 0}
  m_PrefabInstance: {fileID: 0}
  m_PrefabAsset: {fileID: 0}
  serializedVersion: 6
  m_Component:
  - component: {fileID: 8035013986946278468}
  - component: {fileID: 8035013986946278470}
  - component: {fileID: 8035013986946278471}
  m_Layer: 0
  m_Name: Plane
  m_TagString: Untagged
  m_Icon: {fileID: 0}
  m_NavMeshLayer: 0
  m_StaticEditorFlags: 0
  m_IsActive: 1
--- !u!4 &8035013986946278468
Transform:
  m_ObjectHideFlags: 0
  m_CorrespondingSourceObject: {fileID: 0}
  m_PrefabInstance: {fileID: 0}
  m_PrefabAsset: {fileID: 0}
  m_GameObject: {fileID: 8035013986946278469}
  m_LocalRotation: {x: -0, y: -0, z: -0, w: 1}
  m_LocalPosition: {x: 12.4043, y: 0.1, z: 8.3384}
  m_LocalScale: {x: 4.2278223, y: 1, z: 4.783007}
  m_ConstrainProportionsScale: 0
  m_Children: []
  m_Father: {fileID: 8035013986704715191}
  m_RootOrder: 1
  m_LocalEulerAnglesHint: {x: 0, y: 0, z: 0}
--- !u!33 &8035013986946278470
MeshFilter:
  m_ObjectHideFlags: 0
  m_CorrespondingSourceObject: {fileID: 0}
  m_PrefabInstance: {fileID: 0}
  m_PrefabAsset: {fileID: 0}
  m_GameObject: {fileID: 8035013986946278469}
  m_Mesh: {fileID: 10209, guid: 0000000000000000e000000000000000, type: 0}
--- !u!23 &8035013986946278471
MeshRenderer:
  m_ObjectHideFlags: 0
  m_CorrespondingSourceObject: {fileID: 0}
  m_PrefabInstance: {fileID: 0}
  m_PrefabAsset: {fileID: 0}
  m_GameObject: {fileID: 8035013986946278469}
  m_Enabled: 1
  m_CastShadows: 1
  m_ReceiveShadows: 1
  m_DynamicOccludee: 1
  m_StaticShadowCaster: 0
  m_MotionVectors: 1
  m_LightProbeUsage: 1
  m_ReflectionProbeUsage: 1
  m_RayTracingMode: 2
  m_RayTraceProcedural: 0
  m_RenderingLayerMask: 1
  m_RendererPriority: 0
  m_Materials:
  - {fileID: 2100000, guid: 13db17cf06b38bc409853eee6995054d, type: 2}
  m_StaticBatchInfo:
    firstSubMesh: 0
    subMeshCount: 0
  m_StaticBatchRoot: {fileID: 0}
  m_ProbeAnchor: {fileID: 0}
  m_LightProbeVolumeOverride: {fileID: 0}
  m_ScaleInLightmap: 1
  m_ReceiveGI: 1
  m_PreserveUVs: 0
  m_IgnoreNormalsForChartDetection: 0
  m_ImportantGI: 0
  m_StitchLightmapSeams: 1
  m_SelectedEditorRenderState: 3
  m_MinimumChartSize: 4
  m_AutoUVMaxDistance: 0.5
  m_AutoUVMaxAngle: 89
  m_LightmapParameters: {fileID: 0}
  m_SortingLayerID: 0
  m_SortingLayer: 0
  m_SortingOrder: 0
  m_AdditionalVertexStreams: {fileID: 0}
--- !u!1 &9179676044115458573
GameObject:
  m_ObjectHideFlags: 0
  m_CorrespondingSourceObject: {fileID: 0}
  m_PrefabInstance: {fileID: 0}
  m_PrefabAsset: {fileID: 0}
  serializedVersion: 6
  m_Component:
  - component: {fileID: 1161720103603469831}
  - component: {fileID: 1290078549458375473}
  m_Layer: 0
  m_Name: CarPlace (8)
  m_TagString: Untagged
  m_Icon: {fileID: 0}
  m_NavMeshLayer: 0
  m_StaticEditorFlags: 0
  m_IsActive: 1
--- !u!4 &1161720103603469831
Transform:
  m_ObjectHideFlags: 0
  m_CorrespondingSourceObject: {fileID: 0}
  m_PrefabInstance: {fileID: 0}
  m_PrefabAsset: {fileID: 0}
  m_GameObject: {fileID: 9179676044115458573}
  m_LocalRotation: {x: -0, y: 1, z: -0, w: 0.000000104308114}
  m_LocalPosition: {x: 20.030003, y: 0, z: 26.699993}
  m_LocalScale: {x: 1, y: 1, z: 1}
  m_ConstrainProportionsScale: 0
  m_Children: []
  m_Father: {fileID: 8035013986704715191}
  m_RootOrder: 4
  m_LocalEulerAnglesHint: {x: 0, y: 180, z: 0}
--- !u!114 &1290078549458375473
MonoBehaviour:
  m_ObjectHideFlags: 0
  m_CorrespondingSourceObject: {fileID: 0}
  m_PrefabInstance: {fileID: 0}
  m_PrefabAsset: {fileID: 0}
  m_GameObject: {fileID: 9179676044115458573}
  m_Enabled: 1
  m_EditorHideFlags: 0
  m_Script: {fileID: 11500000, guid: 9e47ded268dd495a91c1c5a980e8499f, type: 3}
  m_Name: 
  m_EditorClassIdentifier: 
  serializedData:
    parent: {fileID: 1161720103603469831}
    chance: 0.2
    rotation: 0
    list: {fileID: 11400000, guid: e21aadb8504ddf049852068bce0092bf, type: 2}
--- !u!1001 &1220439517181008759
PrefabInstance:
  m_ObjectHideFlags: 0
  serializedVersion: 2
  m_Modification:
    m_TransformParent: {fileID: 8035013986704715191}
    m_Modifications:
    - target: {fileID: 4176214610891597010, guid: 287de47c2064a114aa5563673a95ed36,
        type: 3}
      propertyPath: m_Name
      value: HouseRamp
      objectReference: {fileID: 0}
    - target: {fileID: 7904517454138240649, guid: 287de47c2064a114aa5563673a95ed36,
        type: 3}
      propertyPath: m_RootOrder
      value: 0
      objectReference: {fileID: 0}
    - target: {fileID: 7904517454138240649, guid: 287de47c2064a114aa5563673a95ed36,
        type: 3}
      propertyPath: m_LocalPosition.x
      value: 4.6
      objectReference: {fileID: 0}
    - target: {fileID: 7904517454138240649, guid: 287de47c2064a114aa5563673a95ed36,
        type: 3}
      propertyPath: m_LocalPosition.y
      value: 0
      objectReference: {fileID: 0}
    - target: {fileID: 7904517454138240649, guid: 287de47c2064a114aa5563673a95ed36,
        type: 3}
      propertyPath: m_LocalPosition.z
      value: 5.1
      objectReference: {fileID: 0}
    - target: {fileID: 7904517454138240649, guid: 287de47c2064a114aa5563673a95ed36,
        type: 3}
      propertyPath: m_LocalRotation.w
      value: 1
      objectReference: {fileID: 0}
    - target: {fileID: 7904517454138240649, guid: 287de47c2064a114aa5563673a95ed36,
        type: 3}
      propertyPath: m_LocalRotation.x
      value: 0
      objectReference: {fileID: 0}
    - target: {fileID: 7904517454138240649, guid: 287de47c2064a114aa5563673a95ed36,
        type: 3}
      propertyPath: m_LocalRotation.y
      value: 0
      objectReference: {fileID: 0}
    - target: {fileID: 7904517454138240649, guid: 287de47c2064a114aa5563673a95ed36,
        type: 3}
      propertyPath: m_LocalRotation.z
      value: 0
      objectReference: {fileID: 0}
    - target: {fileID: 7904517454138240649, guid: 287de47c2064a114aa5563673a95ed36,
        type: 3}
      propertyPath: m_LocalEulerAnglesHint.x
      value: 0
      objectReference: {fileID: 0}
    - target: {fileID: 7904517454138240649, guid: 287de47c2064a114aa5563673a95ed36,
        type: 3}
      propertyPath: m_LocalEulerAnglesHint.y
      value: 0
      objectReference: {fileID: 0}
    - target: {fileID: 7904517454138240649, guid: 287de47c2064a114aa5563673a95ed36,
        type: 3}
      propertyPath: m_LocalEulerAnglesHint.z
      value: 0
      objectReference: {fileID: 0}
    m_RemovedComponents: []
  m_SourcePrefab: {fileID: 100100000, guid: 287de47c2064a114aa5563673a95ed36, type: 3}
--- !u!4 &9033556716572423678 stripped
Transform:
  m_CorrespondingSourceObject: {fileID: 7904517454138240649, guid: 287de47c2064a114aa5563673a95ed36,
    type: 3}
  m_PrefabInstance: {fileID: 1220439517181008759}
  m_PrefabAsset: {fileID: 0}
--- !u!1001 &3569334771184678156
PrefabInstance:
  m_ObjectHideFlags: 0
  serializedVersion: 2
  m_Modification:
    m_TransformParent: {fileID: 8035013986704715191}
    m_Modifications:
    - target: {fileID: 192053768684227003, guid: 3dfb125cc45762b448b6c99c07b29d30,
        type: 3}
      propertyPath: m_Name
      value: Lamp
      objectReference: {fileID: 0}
    - target: {fileID: 4151512516253961148, guid: 3dfb125cc45762b448b6c99c07b29d30,
        type: 3}
      propertyPath: m_RootOrder
      value: 6
      objectReference: {fileID: 0}
    - target: {fileID: 4151512516253961148, guid: 3dfb125cc45762b448b6c99c07b29d30,
        type: 3}
      propertyPath: m_LocalPosition.x
      value: 18.94
      objectReference: {fileID: 0}
    - target: {fileID: 4151512516253961148, guid: 3dfb125cc45762b448b6c99c07b29d30,
        type: 3}
      propertyPath: m_LocalPosition.y
      value: 0
      objectReference: {fileID: 0}
    - target: {fileID: 4151512516253961148, guid: 3dfb125cc45762b448b6c99c07b29d30,
        type: 3}
      propertyPath: m_LocalPosition.z
      value: 15.91
      objectReference: {fileID: 0}
    - target: {fileID: 4151512516253961148, guid: 3dfb125cc45762b448b6c99c07b29d30,
        type: 3}
      propertyPath: m_LocalRotation.w
      value: 0.7071072
      objectReference: {fileID: 0}
    - target: {fileID: 4151512516253961148, guid: 3dfb125cc45762b448b6c99c07b29d30,
        type: 3}
      propertyPath: m_LocalRotation.x
      value: -0
      objectReference: {fileID: 0}
    - target: {fileID: 4151512516253961148, guid: 3dfb125cc45762b448b6c99c07b29d30,
        type: 3}
      propertyPath: m_LocalRotation.y
      value: 0.7071065
      objectReference: {fileID: 0}
    - target: {fileID: 4151512516253961148, guid: 3dfb125cc45762b448b6c99c07b29d30,
        type: 3}
      propertyPath: m_LocalRotation.z
      value: -0
      objectReference: {fileID: 0}
    - target: {fileID: 4151512516253961148, guid: 3dfb125cc45762b448b6c99c07b29d30,
        type: 3}
      propertyPath: m_LocalEulerAnglesHint.x
      value: 0
      objectReference: {fileID: 0}
    - target: {fileID: 4151512516253961148, guid: 3dfb125cc45762b448b6c99c07b29d30,
        type: 3}
      propertyPath: m_LocalEulerAnglesHint.y
      value: 90
      objectReference: {fileID: 0}
    - target: {fileID: 4151512516253961148, guid: 3dfb125cc45762b448b6c99c07b29d30,
        type: 3}
      propertyPath: m_LocalEulerAnglesHint.z
      value: 0
      objectReference: {fileID: 0}
    m_RemovedComponents: []
  m_SourcePrefab: {fileID: 100100000, guid: 3dfb125cc45762b448b6c99c07b29d30, type: 3}
--- !u!4 &582637479980334768 stripped
Transform:
  m_CorrespondingSourceObject: {fileID: 4151512516253961148, guid: 3dfb125cc45762b448b6c99c07b29d30,
    type: 3}
  m_PrefabInstance: {fileID: 3569334771184678156}
  m_PrefabAsset: {fileID: 0}
--- !u!1001 &5326388034629342242
PrefabInstance:
  m_ObjectHideFlags: 0
  serializedVersion: 2
  m_Modification:
    m_TransformParent: {fileID: 8035013986704715191}
    m_Modifications:
    - target: {fileID: 192053768684227003, guid: 3dfb125cc45762b448b6c99c07b29d30,
        type: 3}
      propertyPath: m_Name
      value: Lamp (1)
      objectReference: {fileID: 0}
    - target: {fileID: 4151512516253961148, guid: 3dfb125cc45762b448b6c99c07b29d30,
        type: 3}
      propertyPath: m_RootOrder
      value: 7
      objectReference: {fileID: 0}
    - target: {fileID: 4151512516253961148, guid: 3dfb125cc45762b448b6c99c07b29d30,
        type: 3}
      propertyPath: m_LocalPosition.x
      value: 17.54
      objectReference: {fileID: 0}
    - target: {fileID: 4151512516253961148, guid: 3dfb125cc45762b448b6c99c07b29d30,
        type: 3}
      propertyPath: m_LocalPosition.y
      value: 0
      objectReference: {fileID: 0}
    - target: {fileID: 4151512516253961148, guid: 3dfb125cc45762b448b6c99c07b29d30,
        type: 3}
      propertyPath: m_LocalPosition.z
      value: 5.97
      objectReference: {fileID: 0}
    - target: {fileID: 4151512516253961148, guid: 3dfb125cc45762b448b6c99c07b29d30,
        type: 3}
      propertyPath: m_LocalRotation.w
      value: 0.7071072
      objectReference: {fileID: 0}
    - target: {fileID: 4151512516253961148, guid: 3dfb125cc45762b448b6c99c07b29d30,
        type: 3}
      propertyPath: m_LocalRotation.x
      value: -0
      objectReference: {fileID: 0}
    - target: {fileID: 4151512516253961148, guid: 3dfb125cc45762b448b6c99c07b29d30,
        type: 3}
      propertyPath: m_LocalRotation.y
      value: 0.7071065
      objectReference: {fileID: 0}
    - target: {fileID: 4151512516253961148, guid: 3dfb125cc45762b448b6c99c07b29d30,
        type: 3}
      propertyPath: m_LocalRotation.z
      value: -0
      objectReference: {fileID: 0}
    - target: {fileID: 4151512516253961148, guid: 3dfb125cc45762b448b6c99c07b29d30,
        type: 3}
      propertyPath: m_LocalEulerAnglesHint.x
      value: 0
      objectReference: {fileID: 0}
    - target: {fileID: 4151512516253961148, guid: 3dfb125cc45762b448b6c99c07b29d30,
        type: 3}
      propertyPath: m_LocalEulerAnglesHint.y
      value: 90
      objectReference: {fileID: 0}
    - target: {fileID: 4151512516253961148, guid: 3dfb125cc45762b448b6c99c07b29d30,
        type: 3}
      propertyPath: m_LocalEulerAnglesHint.z
      value: 0
      objectReference: {fileID: 0}
    m_RemovedComponents: []
  m_SourcePrefab: {fileID: 100100000, guid: 3dfb125cc45762b448b6c99c07b29d30, type: 3}
--- !u!4 &8103667951990661022 stripped
Transform:
  m_CorrespondingSourceObject: {fileID: 4151512516253961148, guid: 3dfb125cc45762b448b6c99c07b29d30,
    type: 3}
  m_PrefabInstance: {fileID: 5326388034629342242}
  m_PrefabAsset: {fileID: 0}
